<record><leader>00000cas a2200000 a 4500</leader><controlfield tag="001">32287178</controlfield><controlfield tag="008">950411d18uu1uuunmuwr nea     0   b0spa c</controlfield><datafield ind1=" " ind2=" " tag="010"><subfield code="a">sn2006058235</subfield></datafield><datafield ind1=" " ind2=" " tag="040"><subfield code="a">IQU</subfield><subfield code="b">eng</subfield><subfield code="c">IQU</subfield><subfield code="d">OCL</subfield><subfield code="d">OCLCQ</subfield><subfield code="d">DLC</subfield><subfield code="d">OCLCQ</subfield><subfield code="d">OCLCF</subfield><subfield code="d">OCLCO</subfield><subfield code="d">IUL</subfield></datafield><datafield ind1=" " ind2=" " tag="019"><subfield code="a">45745693</subfield></datafield><datafield ind1=" " ind2=" " tag="042"><subfield code="a">pcc</subfield></datafield><datafield ind1=" " ind2=" " tag="043"><subfield code="a">n-us-nm</subfield></datafield><datafield ind1="0" ind2="0" tag="050"><subfield code="a">Newspaper</subfield></datafield><datafield ind1=" " ind2=" " tag="090"><subfield code="a">AN2</subfield><subfield code="b">.S264</subfield></datafield><datafield ind1="0" ind2=" " tag="130"><subfield code="a">Hispano-Americano (Socorro, N.M.)</subfield></datafield><datafield ind1="1" ind2="3" tag="245"><subfield code="a">El Hispano-Americano</subfield><subfield code="h">[microform].</subfield></datafield><datafield ind1=" " ind2=" " tag="260"><subfield code="a">Socorro, N.M. :</subfield><subfield code="b">[s.n.]</subfield></datafield><datafield ind1=" " ind2=" " tag="300"><subfield code="a">v.</subfield></datafield><datafield ind1=" " ind2=" " tag="310"><subfield code="a">Weekly</subfield></datafield><datafield ind1="1" ind2=" " tag="362"><subfield code="a">Ceased.</subfield></datafield><datafield ind1=" " ind2=" " tag="500"><subfield code="a">Microfilm published by BMI Imaging Systems; issued in series: Chicano serials collection.</subfield></datafield><datafield ind1=" " ind2=" " tag="500"><subfield code="a">Published in Las Vegas, N.M. by Victor L. Ochoa, &lt;Apr. 21, 1892&gt;-; El Paso, Texas, &lt;Aug. 7, 1893-&gt;Nov. 1, 1920.</subfield></datafield><datafield ind1=" " ind2=" " tag="500"><subfield code="a">Scattered issues of 1891-1892 filmed with isolated issues of (in alphabetical order): Chieftain (Socorro, N.M.), Colfax County stockman, Combate (Socorro, N.M.), Defensor del pueblo (Socorro, N.M.), Eagle (Silver City, N.M.), Estrella de Nuevo Mexico, Golondrina (Socorro, N.M.), Grant County herald (Silver City, N.M. : 1877), Herald (Silver City, N.M.), Industrial advertiser (Socorro, N.M.), Lincoln County leader (White Oaks, N.M.), Mining chronicle, New Mexican review (Santa Fe, N.M. : 1898), New Mexico interpreter, New Southwest and Grant County herald, Progreso (Socorro, N.M.), Republicano (Socorro, N.M.), Revista de Taos and the Taos cresset (1902), Santa Fe daily New Mexican, Santa Fe New Mexican (1898), Santa Fe New Mexican review (Weekly), Santa Fe weekly express, Santa Fe weekly New Mexican and live stock journal, Santa Fe weekly sun, Santa Rosa sun (Santa Rosa, N.M.), Silver City enterprise, Silver City independent, Socorro bullion, Southwest-sentinel (Silver City, N.M.), Voz del pueblo (Santa Fe, N.M. : 1889), Weekly New Mexican review (Santa Fe, N.M. : 1883), and White Oaks eagle.</subfield></datafield><datafield ind1=" " ind2=" " tag="546"><subfield code="a">In Spanish.</subfield></datafield><datafield ind1=" " ind2=" " tag="588"><subfield code="a">Description based on: Vol. 4, no. 2 (nov. 10 de 1891).</subfield></datafield><datafield ind1=" " ind2="0" tag="650"><subfield code="a">Hispanic Americans</subfield><subfield code="z">New Mexico</subfield><subfield code="v">Newspapers.</subfield></datafield><datafield ind1=" " ind2="0" tag="651"><subfield code="a">Socorro (N.M.)</subfield><subfield code="v">Newspapers.</subfield></datafield><datafield ind1=" " ind2="0" tag="651"><subfield code="a">Socorro County (N.M.)</subfield><subfield code="v">Newspapers.</subfield></datafield><datafield ind1=" " ind2="7" tag="650"><subfield code="a">Hispanic Americans.</subfield><subfield code="2">fast</subfield><subfield code="0">(OCoLC)fst00957523</subfield></datafield><datafield ind1=" " ind2="7" tag="651"><subfield code="a">New Mexico.</subfield><subfield code="2">fast</subfield><subfield code="0">(OCoLC)fst01204269</subfield></datafield><datafield ind1=" " ind2="7" tag="651"><subfield code="a">New Mexico</subfield><subfield code="z">Socorro.</subfield><subfield code="2">fast</subfield><subfield code="0">(OCoLC)fst01209291</subfield></datafield><datafield ind1=" " ind2="7" tag="651"><subfield code="a">New Mexico</subfield><subfield code="z">Socorro County.</subfield><subfield code="2">fast</subfield><subfield code="0">(OCoLC)fst01218291</subfield></datafield><datafield ind1=" " ind2="7" tag="655"><subfield code="a">Newspapers.</subfield><subfield code="2">fast</subfield><subfield code="0">(OCoLC)fst01423814</subfield></datafield><datafield ind1=" " ind2=" " tag="752"><subfield code="a">United States</subfield><subfield code="b">New Mexico</subfield><subfield code="c">Socorro</subfield><subfield code="d">Socorro.</subfield></datafield><datafield ind1="1" ind2=" " tag="029"><subfield code="a">AU@</subfield><subfield code="b">000040950700</subfield></datafield></record>